@article{Kall2005,
abstract = {When predicting sequence features like transmembrane topology, signal peptides, coil-coil structures, protein secondary structure or genes, extra support can be gained from homologs.},
annote = {Polyphobius},
author = {K\"{a}ll, L. and Krogh, Anders and Sonnhammer, E.L.L.},
doi = {10.1093/bioinformatics/bti1014},
file = {:home/jonas/.local/share/data/Mendeley Ltd./Mendeley Desktop/Downloaded/K\"{a}ll, Krogh, Sonnhammer - 2005 - An HMM posterior decoder for sequence feature prediction that includes homology information(3).pdf:pdf},
issn = {1367-4803},
journal = {Bioinformatics},
keywords = {Algorithms,Artificial Intelligence,Computational Biology,Computational Biology: methods,Databases,Internet,Markov Chains,Models,Probability,Protein,Protein Sorting Signals,Software,Statistical,Theoretical,evac1},
mendeley-tags = {evac1},
month = jun,
number = {suppl 1},
pages = {i251},
pmid = {15961464},
publisher = {Oxford Univ Press},
title = {{An HMM posterior decoder for sequence feature prediction that includes homology information}},
url = {http://bioinformatics.oxfordjournals.org/content/21/suppl\_1/i251.short},
volume = {21},
year = {2005}
}
@article{Hofacker1994,
annote = {RNAfold},
author = {Hofacker, IL and Fontana, W and Stadler, PF and Bonhoeffer, LS and Tacker, M and Schuster, P},
file = {:home/jonas/.local/share/data/Mendeley Ltd./Mendeley Desktop/Downloaded/Hofacker et al. - 1994 - Fast folding and comparison of RNA secondary structures.pdf:pdf},
journal = {Monatshefte f\"{u}r Chemie},
title = {{Fast folding and comparison of RNA secondary structures}},
url = {http://link.springer.com/article/10.1007/BF00818163},
year = {1994}
}