@misc{CodonW,
author = {{CodonW}},
url = {\url{codonw.sourceforge.net/}},
year = {2014},
note = {Accessed 2014/2/26}
}
